@misc{cisinski2006prefaisceaux,
  title={Les pr{\'e}faisceaux comme mod{\`e}les des types d'homotopie},
  author={Cisinski, Denis-Charles},
  journal= {Asterisque},
  publisher= {Soci{\'e}t{\'e} Math{\'e}matique de France},
  volume= {308},
  pages= {xxiv+392 pages},
  year= {2006},
}
@article{kapulkin2018homotopical,
  title={Homotopical inverse diagrams in categories with attributes},
  author={Kapulkin, Chris and Lumsdaine, Peter LeFanu},
  journal={arXiv preprint arXiv:1808.01816},
  year={2018}
}
@article{kapulkin2018homotopy,
  title={The homotopy theory of type theories},
  author={Kapulkin, Krzysztof and Lumsdaine, Peter LeFanu},
  journal={Advances in Mathematics},
  volume={337},
  pages={1--38},
  year={2018},
  publisher={Elsevier}
}
@phdthesis{cagne2018phd,
  title={Towards a homotopical algebra of dependent types},
  author={Cagne, Pierre},
  year={2018},
  school={Universit√© Paris Diderot}
}
@article{cagne2017bifibrations,
  title={On bifibrations of model categories},
  author={Cagne, Pierre and Melli{\`e}s, Paul-Andr{\'e}},
  journal={arXiv preprint arXiv:1709.10484},
  year={2017}
}
@article{cisinski2003images,
  title={Images directes cohomologiques dans les cat{\'e}gories de modeles},
  author={Cisinski, Denis-Charles},
  journal={Ann. Math. Blaise Pascal},
  volume={10},
  number={2},
  pages={195--244},
  year={2003}
}
@article{ulmer1968properties,
  title={Properties of dense and relative adjoint functors},
  author={Ulmer, Friedrich},
  journal={Journal of {A}lgebra},
  volume={8},
  number={1},
  pages={77--95},
  year={1968},
  publisher={Academic Press}
}
@book{mac2013categories,
  title={Categories for the {W}orking {M}athematician (2nd ed.)},
  author={Mac Lane, Saunders},
  volume={5},
  year={1998},
  publisher={Springer-Verlag New York}
}
@article{grothendieck1972theorie,
  title={Th{\'e}orie des topos et cohomologie {\'e}tale des sch{\'e}mas ({S}{G}{A} 4)},
  author={Grothendieck, Alexander and Artin, Michael and Verdier, Jean-Louis},
  journal={Lecture Notes in Mathematics},
  volume={269},
  year={1972},
  publisher={Springer}
}
